%% This BibTeX bibliography file was created using BibDesk.
%% http://bibdesk.sourceforge.net/


%% Created for C. Scott Marshall at 2006-12-01 17:37:41 -0800 


%% Saved with string encoding Western (ASCII) 



@webpage{MSDN:FileSystemWatcher,
	Date-Added = {2006-12-01 17:29:36 -0800},
	Date-Modified = {2006-12-01 17:37:07 -0800},
	Howpublished = {\url{http://msdn2.microsoft.com/en-us/library/system.io.filesystemwatcher.aspx}},
	Keywords = {birch sources},
	Lastchecked = {12-01-06},
	Title = {FileSystemWatcher Class},
	Url = {http://msdn2.microsoft.com/en-us/library/system.io.filesystemwatcher.aspx},
	Year = {2006}}

@webpage{Dow:2005,
	Author = {Eli Dow},
	Date-Added = {2006-12-01 17:14:33 -0800},
	Date-Modified = {2006-12-01 17:37:39 -0800},
	Howpublished = {\url{http://www-128.ibm.com/developerworks/linux/library/l-inotify.html}},
	Keywords = {birch sources},
	Lastchecked = {12-01-06},
	Local-Url = {file://localhost/Users/csm/Documents/Research/Monitor%20Linux%20file%20system%20events%20with%20inotify.pdf},
	Month = {April},
	Organization = {IBM},
	Title = {Monitor {Linux} file system events with inotify},
	Url = {http://www-128.ibm.com/developerworks/linux/library/l-inotify.html},
	Year = {2005}}

@techreport{Veda:2005,
	Author = {Gaurav Veda and Sarvesh Dwivedi},
	Date-Added = {2006-11-26 18:04:44 -0800},
	Date-Modified = {2006-11-26 18:10:19 -0800},
	Institution = {Indian Institute of Technology},
	Keywords = {birch sources},
	Local-Url = {file://localhost/Users/csm/Documents/Research/btp_PIS.pdf},
	Title = {Personal Information Systems},
	Year = {2005}}

@misc{Mathes:2004,
	Author = {Adam Mathes},
	Date-Added = {2006-11-08 15:37:36 -0800},
	Date-Modified = {2006-11-08 15:41:14 -0800},
	Howpublished = {\url{http://adammathes.com/academic/computer-mediated-communication/folksonomies.pdf}},
	Keywords = {metadata, tagging, birch sources},
	Local-Url = {file://localhost/Users/csm/Documents/Research/folksonomies-1.pdf},
	Month = {December},
	Title = {Folksonomies: Cooperative Classification and Communication Through Shared Metadata},
	Year = {2004}}

@inproceedings{Marshall:1998,
	Author = {Catherine C. Marshall},
	Booktitle = {Proceedings of the third ACM conference on Digital libraries},
	Date-Added = {2006-11-07 18:57:42 -0800},
	Date-Modified = {2006-11-07 18:59:54 -0800},
	Keywords = {metadata, birch sources},
	Local-Url = {file://localhost/Users/csm/Documents/Research/p162-marshall.pdf},
	Pages = {162--171},
	Title = {Making metadata: a study of metadata creation for a mixed physical-digital collection},
	Volume = {3},
	Year = {1998}}

@article{Currier:2004,
	Author = {Sarah Currier and Jane Barton and R{\'o}n{\'a}n O'Beirne and Ben Ryan},
	Date-Added = {2006-11-07 18:50:45 -0800},
	Date-Modified = {2006-11-07 18:53:59 -0800},
	Journal = {ALT-J},
	Keywords = {metadata, birch sources},
	Local-Url = {file://localhost/Users/csm/Documents/Research/metadata-qa.pdf},
	Month = {March},
	Number = {1},
	Pages = {5--20},
	Title = {Quality Assurance for Digital Learning Object Repositories: Issues for the Metadata Creation Process},
	Volume = {12},
	Year = {2004}}

@misc{RFC1321,
	Author = {Ron Rivest},
	Date-Added = {2006-11-07 18:29:36 -0800},
	Date-Modified = {2006-11-07 18:35:10 -0800},
	Howpublished = {\url{http://tools.ietf.org/html/rfc1321}},
	Keywords = {birch sources, cryptograhpy, hash functions, RFC},
	Local-Url = {file://localhost/Users/csm/Documents/Research/rfc%201321.pdf},
	Month = {April},
	Title = {{RFC} 1321: The {MD5} Message-Digest Algorithm},
	Url = {http://tools.ietf.org/html/rfc1321},
	Year = {1992}}

@misc{appleref:spotlight-metadata,
	Author = {{Apple Computer, Inc.}},
	Date-Added = {2006-10-20 16:54:49 -0700},
	Date-Modified = {2006-10-20 16:59:46 -0700},
	Howpublished = {\url{http://developer.apple.com/documentation/Carbon/Reference/MetadataAttributesRef/MetadataAttributesRef.pdf}},
	Keywords = {birch sources},
	Local-Url = {file://localhost/Users/csm/Documents/Research/MetadataAttributesRef.pdf},
	Month = {April},
	Title = {Spotlight Metadata Attributes Reference},
	Year = {2006}}

@article{Hendler:2002,
	Author = {James Hendler and Tim Berners-Lee and Eric Miller},
	Date-Added = {2006-10-13 17:44:11 -0700},
	Date-Modified = {2006-10-13 17:46:02 -0700},
	Group = {Internet},
	Journal = {Journal of the Institute of Electrical Engineers of Japan},
	Keywords = {web, birch sources},
	Local-Url = {file://localhost/Users/csm/Documents/Research/Integrating%20Applications%20on%20the%20Semantic%20Web.pdf},
	Month = {October},
	Number = {10},
	Pages = {676--680},
	Title = {Integrating Applications on the Semantic Web},
	Volume = {122},
	Year = {2002}}

@article{Shadbolt:2006,
	Author = {Nigel Shadbolt and Tim Berners-Lee and Wendy Hall},
	Date-Added = {2006-10-13 17:39:53 -0700},
	Date-Modified = {2006-10-13 17:46:34 -0700},
	Group = {Internet},
	Journal = {IEEE Intelligent Systems},
	Keywords = {web, birch sources},
	Local-Url = {file://localhost/Users/csm/Documents/Research/Semantic_Web_Revisted.pdf},
	Month = {May},
	Number = {3},
	Pages = {96--101},
	Title = {The Semantic Web Revisited},
	Volume = {21},
	Year = {2006}}

@inproceedings{Soules:2003,
	Author = {Craig A. N. Soules and Gregory R. Ganger},
	Booktitle = {Proceedings of HotOS IX: The 9th Workshop on Hot Topics in Operating Systems},
	Date-Added = {2006-10-13 17:14:18 -0700},
	Date-Modified = {2006-10-13 17:16:18 -0700},
	Group = {Systems},
	Keywords = {filesystems, operating systems, hci, birch sources},
	Local-Url = {file://localhost/Users/csm/Documents/Research/soules.pdf},
	Month = {May},
	Title = {Why can't {I} find my files? {N}ew methods for automating attribute assignment},
	Year = {2003}}

@misc{Szeredi:2006,
	Author = {Miklos Szeredi and others},
	Date-Added = {2006-10-13 16:54:28 -0700},
	Date-Modified = {2006-10-13 16:59:40 -0700},
	Group = {Systems},
	Howpublished = {\url{http://fuse.sourceforge.net/}},
	Keywords = {filesystems, operating systems, linux, birch sources},
	Title = {{FUSE}: Filesystem in Userspace},
	Url = {http://fuse.sourceforge.net/},
	Year = {2006}}

@inproceedings{Cutting:1992,
	Author = {Douglas R. Cutting and David R. Karger and Jan O. Pedersen and John W. Tukey},
	Booktitle = {Proceedings of the Fifteenth Annual International {ACM} {SIGIR} Conference on Research and Development in Information Retrieval},
	Date-Added = {2006-10-09 22:32:02 -0700},
	Date-Modified = {2006-10-09 22:34:36 -0700},
	Group = {Systems},
	Keywords = {filesystems, operating systems, birch sources},
	Local-Url = {file://localhost/Users/csm/Documents/Research/cutting92scattergather.pdf},
	Title = {Scatter/Gather: {A} Cluster-based Approach to Browsing Large Document Collections},
	Year = {1992}}

@inproceedings{Bloehdorn:2006,
	Author = {Stephan Bloehdorn and Olaf G\"orlitz and Simon Schenk and Max V\"olkel},
	Booktitle = {Proceedings of the 6th International Conference on Knowledge Management (I-KNOW 06)},
	Date-Added = {2006-10-09 22:26:02 -0700},
	Date-Modified = {2006-11-07 18:54:30 -0800},
	Group = {Systems},
	Keywords = {filesystems, operating systems, birch sources},
	Local-Url = {file://localhost/Users/csm/Documents/Research/2006-09-iknow2006-tagfs.pdf},
	Title = {{TagFS} --- Tag Semantics for Hierarchical File Systems},
	Year = {2006}}

@misc{Bowman:1994,
	Author = {Mic Bowman and Mirjana Spasojevic and Alfred Spector},
	Date-Added = {2006-10-09 22:21:12 -0700},
	Date-Modified = {2006-10-09 22:23:38 -0700},
	Group = {Systems},
	Keywords = {filesystems, operating systems, birch sources},
	Local-Url = {file://localhost/Users/csm/Documents/Research/bowman94file.pdf},
	Title = {File System Support for Search},
	Year = {1994}}

@techreport{Steere:1994,
	Author = {David Steere and M. Satyanarayanan},
	Date-Added = {2006-10-09 22:15:13 -0700},
	Date-Modified = {2006-10-09 22:23:57 -0700},
	Group = {Systems},
	Institution = {Carnegie Mellon University},
	Keywords = {filesystems, operating systems, birch sources},
	Local-Url = {file://localhost/Users/csm/Documents/Research/steere94case.pdf},
	Month = {November},
	Number = {CMU-CS-94-216},
	Title = {A Case for Dynamic Sets in Operating Systems},
	Year = {1994}}

@inproceedings{Gopal:1999,
	Author = {Burra Gopal and Udi Manber},
	Booktitle = {Symposium on Operating Systems Design and Implementation},
	Date-Added = {2006-10-09 22:04:50 -0700},
	Date-Modified = {2006-10-09 22:08:53 -0700},
	Group = {Systems},
	Keywords = {operating systems, filesystems, birch sources},
	Local-Url = {file://localhost/Users/csm/Documents/Research/gopal.pdf},
	Title = {Integrating Content-based Access Mechanisms with Hierarchical File Systems},
	Volume = {3},
	Year = {1999}}

@misc{Fougstedt,
	Author = {Viktor Fougstedt},
	Date-Added = {2006-10-09 22:00:13 -0700},
	Date-Modified = {2006-10-09 22:08:05 -0700},
	Group = {Systems},
	Howpublished = {http://www.dtek.chalmers.se/~viktor/nerd/setfs.html},
	Keywords = {filesystems, birch sources},
	Local-Url = {file://localhost/Users/csm/Documents/Research/The%20Set-based%20File%20System%20-%20an%20outline.pdf},
	Title = {The Set-based File System - an outline}}

@misc{Bushnell:1994,
	Author = {Michael Bushnell},
	Date-Added = {2006-10-07 00:37:30 -0700},
	Date-Modified = {2006-10-07 01:22:06 -0700},
	Group = {Systems},
	Howpublished = {\url{http://www.gnu.org/software/hurd/hurd-paper.html}},
	Keywords = {operating systems, filesystems},
	Local-Url = {file://localhost/Users/csm/Documents/Research/Towards%20a%20New%20Strategy%20of%20OS%20Design.pdf},
	Month = {January},
	Title = {Towards a New Strategy of {OS} Design},
	Year = {1994}}

@inproceedings{Gifford:1991,
	Author = {David K. Gifford and Pierre Jouvelot and Mark A. Sheldon and James W. O'Toole},
	Booktitle = {ACM Symposium on Operating Systems Principles},
	Date-Added = {2006-10-06 14:39:54 -0700},
	Date-Modified = {2006-10-09 22:08:23 -0700},
	Group = {Systems},
	Keywords = {filesystems, operating systems, birch sources},
	Local-Url = {file://localhost/Users/csm/Documents/Research/p16-gifford.pdf},
	Title = {Semantic File Systems},
	Year = {1991}}

@inproceedings{OToole:1992,
	Author = {James W. O'Toole and David K. Gifford},
	Booktitle = {ACM SIGOPS European Workshop},
	Date-Added = {2006-10-06 14:25:17 -0700},
	Date-Modified = {2006-10-09 22:08:38 -0700},
	Group = {Systems},
	Keywords = {naming, filesystems, distributed systems, birch sources},
	Local-Url = {file://localhost/Users/csm/Documents/Research/p20-gifford.pdf},
	Title = {Names should mean what, not where},
	Year = {1992}}

@inproceedings{Karger:2003,
	Author = {David R. Karger and Karun Bakshi and David Huynh and Dennis Quan and Vineet Sinha},
	Booktitle = {Proceedings of the 2003 Conference on Innovative Data Systems Research},
	Date-Added = {2006-10-06 14:00:22 -0700},
	Date-Modified = {2006-10-09 22:09:14 -0700},
	Group = {Systems},
	Keywords = {filesystems, operating systems, birch sources},
	Local-Url = {file://localhost/Users/csm/Documents/Research/P02.pdf},
	Organization = {MIT Computer Science and AI Lab},
	Title = {Haystack: A Customizable General-Purpose Information Management Tool for End Users of Semistructured Data},
	Year = {2003}}

@misc{Nickell:2006,
	Author = {Seth Nickell},
	Date-Added = {2006-10-06 13:50:28 -0700},
	Date-Modified = {2006-10-09 22:09:36 -0700},
	Group = {Usability},
	Howpublished = {\url{http://www.gnome.org/~seth/storage/associative-interfaces.pdf}},
	Keywords = {usability, hci, filesystems, birch sources},
	Local-Url = {file://localhost/Users/csm/Documents/Research/associative-interfaces.pdf},
	Title = {A Cognitive Defense of Associative Interfaces for Object Reference},
	Year = {2006}}

@misc{Nielsen:1996,
	Author = {Jakob Nielsen},
	Date-Added = {2006-10-05 00:14:55 -0700},
	Date-Modified = {2006-10-13 17:49:13 -0700},
	Group = {Usability},
	Howpublished = {\url{http://www.useit.com/papers/filedeath.html}},
	Keywords = {usability, filesystems, birch sources},
	Local-Url = {file://localhost/Users/csm/Documents/Research/Death%20of%20File%20Systems.pdf},
	Month = {February},
	Title = {The Death of File Systems},
	Url = {http://www.useit.com/papers/filedeath.html},
	Year = {1996}}

@mastersthesis{Gorter:2004,
	Author = {Onne Gorter},
	Date-Added = {2006-10-05 00:08:24 -0700},
	Date-Modified = {2006-10-09 22:09:23 -0700},
	Group = {Systems},
	Keywords = {filesystems, operating systems, birch sources},
	Local-Url = {file://localhost/Users/csm/Documents/Research/dbfs-paper.pdf},
	Month = {August},
	School = {University of Twente},
	Title = {Database File System: An Alternative to Hierarchy Based File Systems},
	Year = {2004}}

@inproceedings{Liang:2003,
	Author = {Zhenkai Liang and V. N. Venkatakrishnan and R. Sekar},
	Booktitle = {Annual Computer Security Applications Conference},
	Date-Added = {2006-10-04 17:03:48 -0700},
	Date-Modified = {2006-10-04 17:06:03 -0700},
	Group = {Security},
	Keywords = {security, operating systems, isolation},
	Local-Url = {file://localhost/Users/csm/Documents/Research/liang03isolated.pdf},
	Title = {Isolated Program Execution: An Application Transparent Approach for Executing Untrusted Programs},
	Year = {2003}}

@inproceedings{Chen:2001,
	Author = {Peter M. Chen and Brian D. Noble},
	Booktitle = {Eighth Workshop on Hot Topics in Operating Systems},
	Date-Added = {2006-10-04 17:00:25 -0700},
	Date-Modified = {2006-10-04 17:02:23 -0700},
	Group = {Security},
	Keywords = {security, operating systems, isolation, protection, virtualization},
	Local-Url = {file://localhost/Users/csm/Documents/Research/ChenNobleHotOS.pdf},
	Title = {When Virtual Is Better Than Real},
	Year = {2001}}

@inproceedings{Sun:2005,
	Author = {Weiqing Sun and Zhenkai Liang and R. Sekar and V. N. Venkatakrishnan},
	Booktitle = {Network and Distributed Security Symposium},
	Date-Added = {2006-10-04 16:51:43 -0700},
	Date-Modified = {2006-10-04 16:58:07 -0700},
	Group = {Security},
	Keywords = {security, isolation, protection},
	Local-Url = {file://localhost/Users/csm/Documents/Research/sun05oneway.pdf},
	Title = {One-way Isolation: An Effective Approach for Realizing Safe Execution Environments},
	Year = {2005}}

@article{Lampson:1973,
	Author = {Butler W. Lampson},
	Date-Added = {2006-10-04 16:46:41 -0700},
	Date-Modified = {2006-10-04 16:49:20 -0700},
	Group = {Security},
	Journal = {Communications of the ACM},
	Keywords = {protection, confinement, proprietary program, privacy, security, leakage of data},
	Local-Url = {file://localhost/Users/csm/Documents/Research/A%20Note%20on%20the%20Confinement%20Problem.pdf},
	Month = {October},
	Number = {10},
	Pages = {613--615},
	Title = {A Note on the Confinement Problem},
	Volume = {16},
	Year = {1973}}

@techreport{Yamauchi:2006,
	Author = {Hiroshi Yamauchi and Mario Wolczko},
	Date-Added = {2006-10-04 14:00:20 -0700},
	Date-Modified = {2006-10-07 21:02:43 -0700},
	Group = {Systems},
	Institution = {Sun Microsystems},
	Keywords = {operating systems, device drivers},
	Local-Url = {file://localhost/Users/csm/Documents/Research/Writing%20Solaris%20Device%20Drivers%20in%20Java.pdf},
	Month = {April},
	Number = {SMLI TR-2006-156},
	Title = {Writing Solaris Device Drivers in {Java}},
	Year = {2006}}

@inproceedings{Kaashoek:1997,
	Author = {M. Frans Kaashoek and Dawson R. Engler and Gregory R. Ganger and H{\'e}ctor M. Brice{\~n}o and Russell Hunt and David Mazi{\`e}res and Thomas Pinckney and Robert Grimm and John Jannotti and Kenneth Mackenzie},
	Booktitle = {Proceedings of the 16th Symposium on Operating Systems Principles},
	Date-Added = {2006-10-04 13:49:16 -0700},
	Date-Modified = {2006-10-04 13:54:55 -0700},
	Group = {Systems},
	Keywords = {operating systems, exokernel},
	Local-Url = {file://localhost/Users/csm/Documents/Research/Application%20Performance%20and%20Flexibility%20on%20Exokernel%20Systems.pdf},
	Month = {October},
	Organization = {Massachucetts Institute of Technology},
	Title = {Application Performance and Flexibility on Exokernel systems},
	Year = {1997}}

@techreport{Smalley:2001,
	Author = {Stephen Smalley and Timothy Fraser},
	Date-Added = {2006-10-04 00:39:32 -0700},
	Date-Modified = {2006-10-07 21:03:33 -0700},
	Group = {Security},
	Institution = {NAI Labs},
	Keywords = {security, linux},
	Local-Url = {file://localhost/Users/csm/Documents/Research/A%20Security%20Policy%20for%20the%20Security-Enhanced%20Linux.pdf},
	Month = {February},
	Title = {A Security Policy Configuration for the {Security-Enhanced Linux}},
	Url = {http://www.nsa.gov/selinux/papers/policy.pdf},
	Year = {2001}}

@techreport{Smalley:2006,
	Author = {Stephen Smalley and Chris Vance and Wayne Salamon},
	Date-Added = {2006-10-04 00:36:00 -0700},
	Date-Modified = {2006-10-07 21:03:05 -0700},
	Group = {Security},
	Institution = {NAI Labs},
	Keywords = {security, linux},
	Local-Url = {file://localhost/Users/csm/Documents/Research/Security/Implementing%20SELinux%20as%20a%20Linux%20Security%20Module.pdf},
	Month = {February},
	Number = {01-043},
	Title = {Implementing {SELinux} as a {Linux} Security Module},
	Url = {http://www.nsa.gov/selinux/papers/module.pdf},
	Year = {2006}}

@techreport{Smalley:2005,
	Author = {Stephen Smalley},
	Date-Added = {2006-10-04 00:34:03 -0700},
	Date-Modified = {2006-10-07 21:01:55 -0700},
	Group = {Security},
	Institution = {NAI Labs},
	Keywords = {security, linux},
	Local-Url = {file://localhost/Users/csm/Documents/Research/Configuring%20the%20SELinux%20Policy.pdf},
	Month = {February},
	Number = {02-007},
	Title = {Configuring the {SELinux} Policy},
	Url = {http://www.nsa.gov/selinux/papers/policy2.pdf},
	Year = {2005}}

@techreport{Kilpatrick:2003,
	Author = {Doug Kilpatrick and Wayne Salamon and Chris Vance},
	Date-Added = {2006-10-04 00:30:46 -0700},
	Date-Modified = {2006-10-07 21:01:40 -0700},
	Group = {Security},
	Institution = {NAI Labs},
	Keywords = {security, linux},
	Local-Url = {file://localhost/Users/csm/Documents/Research/Security/Securing%20The%20X%20Window%20System%20With%20SELinux.pdf},
	Month = {March},
	Number = {03-006},
	Title = {Securing The {X} Window System With {SELinux}},
	Url = {http://www.nsa.gov/selinux/papers/X11_Study.pdf},
	Year = {2003}}

@inproceedings{Loscocco:2001b,
	Author = {Peter Loscocco and Stephen Smalley},
	Booktitle = {Ottowa Linux Synposium},
	Date-Added = {2006-10-04 00:27:40 -0700},
	Date-Modified = {2006-10-07 21:08:14 -0700},
	Group = {Security},
	Keywords = {security, linux},
	Local-Url = {file://localhost/Users/csm/Documents/Research/Security/Meeting%20Critical%20Security%20Objectives%20with%20Security-Enhanced%20Linux.pdf},
	Organization = {National Security Agency},
	Title = {Meeting Critical Security Objectives with {Security-Enhanced Linux}},
	Url = {http://www.nsa.gov/selinux/papers/ottawa01.pdf},
	Year = {2001}}

@inproceedings{Loscocco:2001,
	Author = {Peter Loscocco and Stephen Smalley},
	Booktitle = {FREENIX Track: 2001 USENIX Annual Technical Conference},
	Date-Added = {2006-10-04 00:24:21 -0700},
	Date-Modified = {2006-10-04 13:56:22 -0700},
	Group = {Security},
	Keywords = {security, linux},
	Local-Url = {file://localhost/Users/csm/Documents/Research/Security/Integrating%20Flexible%20Support%20for%20Security%20Policies%20into%20the%20Linux%20Operating%20System.pdf},
	Organization = {National Security Agency},
	Title = {Integrating Flexible Support for Security Policies into the Linux Operating System},
	Url = {http://www.nsa.gov/selinux/papers/freenix01.pdf},
	Year = {2001}}

@article{Weiss:2003,
	Author = {Harald Weiss and Volkmar Weiss},
	Date-Added = {2006-10-04 00:13:56 -0700},
	Date-Modified = {2006-10-04 13:58:00 -0700},
	Group = {Cognition},
	Journal = {Chaos, Solitons & Fractals},
	Keywords = {cognition},
	Local-Url = {file://localhost/Users/csm/Documents/Research/Cognition/The%20golden%20mean%20as%20a%20clock%20cycle%20of%20brain%20waves.pdf},
	Month = {November},
	Number = {4},
	Pages = {643--652},
	Title = {The golden mean as clock cycle of brain waves},
	Volume = {18},
	Year = {2003}}

@techreport{Rivest:2006,
	Author = {Ron Rivest},
	Date-Added = {2006-10-04 00:06:06 -0700},
	Date-Modified = {2006-10-04 13:58:15 -0700},
	Group = {Security},
	Institution = {Massachusetts Institute of Technology},
	Keywords = {security, voting},
	Local-Url = {file://localhost/Users/csm/Documents/Research/The%20Three%20Ballot%20Voting%20System.pdf},
	Title = {The ThreeBallot Voting System},
	Url = {http://theory.lcs.mit.edu/~rivest/Rivest-TheThreeBallotVotingSystem.pdf},
	Year = {2006}}

@techreport{Savola:2005,
	Author = {Timo Savola},
	Date-Added = {2006-10-04 00:01:06 -0700},
	Date-Modified = {2006-10-07 21:02:11 -0700},
	Group = {Security},
	Institution = {Nokia},
	Keywords = {security, linux, embedded},
	Local-Url = {file://localhost/Users/csm/Documents/Research/Fakeroot%20in%20Scratchbox.pdf},
	Title = {Fakeroot in {Scratchbox}},
	Url = {http://scratchbox.org/documentation/docbook/fakeroot.pdf},
	Year = {2005}}
